@article{bib2,
	author = {张衡},
	title = {血型分析系统自动加样关键技术研究},
	type = {D},
	journal = {重庆大学},
	year = {2012-09},
	pages = {3--4},
	language = {chinese},
	
}

@article{bib4,
    author = {刘显军},
    title = {蠕动泵的结构原理及其应用},
    type = {J},
    journal = {流体机械},
    %date = { 26(12)},
    volume = {26},
    number = {12},
    pages = {38--39},
    year = {1998-12},
    language = {chinese},
}


@article{bib1,
	author = {马志荣，文庆成},
	journal = {现代科学仪器},
	number = {6},
	year = {2009-12},
	pages = {129--130},
	title = {生化自动分析仪在我国临床应用规范化和国产化的历史、现状和发展趋势},
	type = {J},
	language = {chinese},
}

@article{bib3,
	author = {范庆辉},
	title = {全自动生化分析仪微量加样控制系统的研究与
设计},
	type = {D},
	journal = {中国矿业大学},
	year = {2016-05},
	pages = {9--10},
	language = {chinese},
}


@article{bib5,
    author = {徐廷宽},
    type = {P},
    journal = {中国： CN102033133A},
    year = {2011-04-27},
    title = {自动精密加样装置},
    language = {chinese},
}

@article{bib6,
	author = {范庆辉},
	title = {全自动生化分析仪微量加样控制系统的研究与
设计},
	type = {D},
	journal = {中国矿业大学},
	year = {2016-05},
	pages = {9--10},
	language = {chinese},
}

@article{bib7,
	author = {张秋菊，王金娥等},
	title = {机电一体化系统设计},
	type = {M},
	journal = {北京:科学出版社},
	year = {2016-06},
	pages = {33},
	language = {chinese},
	
}

@article{bib8,
	author = {张兆敬},
	title = {全自动加样稀释器机械结构与驱动电机控制系统设计},
	type = {D},
	journal = {青岛大学},
	year = {2015-12},
	%pages = {9--10},
	language = {chinese},
}

@article{bib9,
	author = {闵阅},
	title = {多孔板自动加样机的机构设计及运动控制研究},
	type = {D},
	journal = {长沙理工大学},
	year = {2013-04},
	%pages = {9--10},
	language = {chinese},
}

@article{bib10,
	author = {刘宝志},
	title = {步进电机的精确控制方法研究},
	type = {D},
	journal = {山东大学},
	year = {2010-04},
	pages = {6},
	language = {chinese},
}


@article{bib11,
	author = {李劲松，左力},
	title = {步进电机细分数对运动平台性能影响的研究},
	type = {J},
	journal = {伺服与运动控制},
	volume={3},
	year = {2008},
	pages = {49--50},
	language = {chinese},
}

@article{bib12,
	author = {王志新，罗文广},
	title = {电机控制技术},
	type = {M},
	journal = {北京:机械工业出版社},
	%volume={3},
	year = {2011-01},
	pages = {85},
	language = {chinese},
}


@article{bib13,
	author = {万里霞，龙伟，张星原等},
	title = {新型液面检测系统设计与应用术},
	type = {J},
	journal = {传感器与微系统},
	volume={33},
	number = {12},
	year = {2014-04},
	pages = {177--178},
	language = {chinese},
}

@article{bib14,
	author = {凌雁电子有限公司},
	title = {AT89C52手册},
	type = {},
	journal = {},
	volume={},
	number = {},
	year = {},
	pages = {1--2},
	language = {chinese},
}

@article{bib15,
	author = {陈海宴},
	title = {51单片机原理及应用——基于keil C与Proteus},
	type = {M},
	journal = {北京:北京航空航天大学出版社},
	year = {2017-05},
	pages = {68--69},
	language = {chinese},
}

@article{bib16,
	author = {王志宝},
	type = {P},
	journal = {中国： CN201476844U},
	year = {2011-09-08},
	title = {一种电容式液面探测装置},
	language = {chinese},
}

@article{bib17,
	author = {张星原，龙伟，卢斌等},
	title = {一种高灵敏度液面探测系统的设计及其临床应用},
	type = {J},
	journal = {传感器与微系统},
	volume={33},
	number = {06},
	year = {2014},
	pages = {72--75},
	language = {chinese},
}

@article{bib18,
	author = {Cammmarata C},
	type = {P},
	journal = {US： US7621181B2},
	date = {2009-11-24},
	title = {Fluid level detector and analyzer},
	language = {english},
}
% vim:ts=4:sw=4
